<record><leader>01871cam a2200469 i 4500</leader><controlfield tag="001">6802853</controlfield><controlfield tag="003">CaONFJC</controlfield><controlfield tag="005">20150206093651.0</controlfield><controlfield tag="006">m     o  d        </controlfield><controlfield tag="007">cr cnu---unuuu</controlfield><controlfield tag="008">141220s2015    cau     o     000 0 eng d</controlfield><datafield ind1=" " ind2=" " tag="020"><subfield code="a">9781626562912</subfield><subfield code="q">electronic bk.</subfield></datafield><datafield ind1=" " ind2=" " tag="020"><subfield code="a">1626562911</subfield><subfield code="q">electronic bk.</subfield></datafield><datafield ind1=" " ind2=" " tag="020"><subfield code="a">9781626562929</subfield><subfield code="q">electronic bk.</subfield></datafield><datafield ind1=" " ind2=" " tag="020"><subfield code="a">162656292X</subfield><subfield code="q">electronic bk.</subfield></datafield><datafield ind1=" " ind2=" " tag="020"><subfield code="a">9781322493640 (MyiLibrary)</subfield></datafield><datafield ind1=" " ind2=" " tag="035"><subfield code="a">ocn913055382</subfield></datafield><datafield ind1=" " ind2=" " tag="037"><subfield code="a">680646</subfield><subfield code="b">MIL</subfield></datafield><datafield ind1=" " ind2=" " tag="039"><subfield code="a">exclude</subfield></datafield><datafield ind1=" " ind2=" " tag="040"><subfield code="a">CaONFJC</subfield><subfield code="c">CaONFJC</subfield><subfield code="d">AEU</subfield></datafield><datafield ind1=" " ind2="4" tag="050"><subfield code="a">GF80</subfield></datafield><datafield ind1=" " ind2="4" tag="050"><subfield code="a">JZ1318</subfield></datafield><datafield ind1="0" ind2="4" tag="082"><subfield code="a">304.2</subfield><subfield code="a">302.14</subfield><subfield code="2">23</subfield></datafield><datafield ind1=" " ind2=" " tag="090"><subfield code="a">Internet Access</subfield><subfield code="b">AEU</subfield></datafield><datafield ind1=" " ind2=" " tag="090"><subfield code="a">Internet Access</subfield><subfield code="b">AEGMCT</subfield></datafield><datafield ind1="1" ind2=" " tag="100"><subfield code="a">Korten, David C.</subfield></datafield><datafield ind1="1" ind2="0" tag="245"><subfield code="a">Change the story, change the future</subfield><subfield code="h">[electronic resource] :</subfield><subfield code="b">a living economy for a living earth /</subfield><subfield code="c">David C. Korten.</subfield></datafield><datafield ind1=" " ind2=" " tag="260"><subfield code="a">San Francisco, US :</subfield><subfield code="b">Berrett-Koehler Publishers,</subfield><subfield code="c">2015.</subfield></datafield><datafield ind1=" " ind2=" " tag="300"><subfield code="a">1 online resource.</subfield></datafield><datafield ind1=" " ind2=" " tag="336"><subfield code="a">text</subfield><subfield code="b">txt</subfield><subfield code="2">rdacontent</subfield></datafield><datafield ind1=" " ind2=" " tag="337"><subfield code="a">computer</subfield><subfield code="b">c</subfield><subfield code="2">rdamedia</subfield></datafield><datafield ind1=" " ind2=" " tag="338"><subfield code="a">online resource</subfield><subfield code="b">cr</subfield><subfield code="2">rdacarrier</subfield></datafield><datafield ind1=" " ind2=" " tag="506"><subfield code="a">Access restricted to authorized users and institutions.</subfield></datafield><datafield ind1="0" ind2=" " tag="588"><subfield code="a">Print version record.</subfield></datafield><datafield ind1=" " ind2=" " tag="596"><subfield code="a">44 57</subfield></datafield><datafield ind1=" " ind2="0" tag="650"><subfield code="a">Human ecology</subfield><subfield code="x">Religious aspects.</subfield></datafield><datafield ind1=" " ind2="0" tag="650"><subfield code="a">Economics</subfield><subfield code="x">Religious aspects.</subfield></datafield><datafield ind1=" " ind2="0" tag="650"><subfield code="a">Ecotheology.</subfield></datafield><datafield ind1="4" ind2="0" tag="856"><subfield code="3">University of Alberta Access</subfield><subfield code="u">http://lib.myilibrary.com/detail.asp?ID=680646</subfield><subfield code="x">Perpetual</subfield><subfield code="z">(Single User Access)</subfield><subfield code="z">from MyiLibrary</subfield></datafield><datafield ind1="4" ind2="0" tag="856"><subfield code="3">MacEwan University Access</subfield><subfield code="u">http://lib.myilibrary.com/detail.asp?ID=680646</subfield><subfield code="z">(Single User Access)</subfield><subfield code="z">from MyiLibrary</subfield></datafield><datafield ind1=" " ind2=" " tag="926"><subfield code="a">Internet Access</subfield><subfield code="w">LC</subfield><subfield code="c">1</subfield><subfield code="i">6802853-1001</subfield><subfield code="l">INTERNET</subfield><subfield code="m">GR_MAC_INT</subfield><subfield code="r">Y</subfield><subfield code="s">Y</subfield><subfield code="t">E-RESOURCE</subfield><subfield code="u">2/11/2015</subfield><subfield code="x">E-BOOK</subfield><subfield code="z">MILGMPSA</subfield></datafield><datafield ind1=" " ind2=" " tag="926"><subfield code="a">Internet Access</subfield><subfield code="w">LC</subfield><subfield code="c">1</subfield><subfield code="i">6802853-2001</subfield><subfield code="l">INTERNET</subfield><subfield code="m">UAINTERNET</subfield><subfield code="r">Y</subfield><subfield code="s">Y</subfield><subfield code="t">E-RESOURCE</subfield><subfield code="u">2/17/2015</subfield><subfield code="x">E-BOOK</subfield><subfield code="z">MILPDAP</subfield></datafield></record>